<?xml version="1.0" encoding="UTF-8"?><collection xmlns="http://www.loc.gov/MARC21/slim"><record><leader>00565nam--2200169-u-4500</leader><controlfield tag="001">000053099</controlfield><controlfield tag="002">20161230</controlfield><controlfield tag="005">20161230201050</controlfield><controlfield tag="008">110105s1000------------r-----000-0-eng-d</controlfield><datafield ind1=" " ind2=" " tag="040"><subfield code="a">IFIN-HH</subfield></datafield><datafield ind1=" " ind2=" " tag="080"><subfield code="a">539.1</subfield></datafield><datafield ind1="1" ind2=" " tag="110"><subfield code="a">Atomic Energy Society Of Japan</subfield></datafield><datafield ind1="1" ind2="0" tag="245"><subfield code="a">Journal of nuclear sceince and technology</subfield><subfield code="b">Proceedings of actinide 2001 international conference, november 4-9, 2001, hayama, japan. suplement 3. november 2002</subfield></datafield><datafield ind1=" " ind2=" " tag="260"><subfield code="a">Hayama</subfield><subfield code="b">Atomic Energy Society Of Japan</subfield><subfield code="c">2002</subfield></datafield><datafield ind1=" " ind2=" " tag="300"><subfield code="a">972P</subfield></datafield><datafield ind1=" " ind2=" " tag="852"><subfield code="a">81344</subfield><subfield code="c">539</subfield></datafield><datafield ind1=" " ind2=" " tag="CAT"><subfield code="a">Sys</subfield><subfield code="c">20110105</subfield><subfield code="h">141229</subfield></datafield></record></collection>